@article{baramidze2013latex,
  title={LaTeX for technical writing},
  author={Baramidze, Victoria},
  journal={Journal of Technical Science and Technologies},
  pages={45--48},
  year={2013}
}

@article{gaudeul2007open,
  title={Do open source developers respond to competition? The LaTeX case study},
  author={Gaudeul, Alex},
  journal={Review of Network Economics},
  volume={6},
  number={2},
  year={2007},
  publisher={De Gruyter}
}

@misc{fear2005publication,
  title={Publication quality tables in LATEX},
  author={Fear, Simon},
  year={2005}
}

@incollection{becker1960economic,
	address = {New York},
	title = {An {Economic} {Analysis} of {Fertility}},
	booktitle = {Demographic and {Economic} {Change} in {Developed} {Countries}},
	publisher = {Columbia University Press},
	author = {Becker, Gary S.},
	collaborator = {Roberts, George B.},
	year = {1960},
	pages = {209--240},
}

@book{becker1991treatise,
	address = {Cambirdge, Massachussets},
	edition = {Enlarged Edition},
	title = {A {Treatise} on the {Family}},
	publisher = {Harvand University Press},
	author = {Becker, Gary S.},
	year = {1991},
}

@techreport{bhalotra2010where,
	address = {Rochester, NY},
	type = {{SSRN} {Scholarly} {Paper}},
	title = {Where {Have} {All} the {Young} {Girls} {Gone}? {Identification} of {Sex} {Selection} in {India}},
	number = {1731185},
	institution = {Social Science Research Network},
	author = {Bhalotra, Sonia and Cochrane, Tom},
	year = {2010},
}
